@book{harper-pl,
    author = "Robert Harper",
    title = "Practical Foundations for Programming Languages",
    year = "2016",
    isbn = "978-1-107-15030-0",
    publisher = "Cambridge University Press",
    pagetotal = "494",
    edition = "2"
}

@book{pierce-types,
    author = "Benjamin C. Pierce",
    title = "Types and Programming Languages",
    year = "2002",
    isbn = "0-262-16209-1",
    publisher = "The MIT Press",
    pagetotal = "623",
    edition = "1"
}

@book{davey-priestley-order,
    author = "B. A. Davey and H. A. Priestley",
    title = "Introduction to Lattices and Order",
    year = "2002",
    isbn = "978-0-521-78451-1",
    publisher = "Cambridge University Press",
    pagetotal = "298",
    edition = "2"
}

@book{mogensen-compiler-design,
    author = "Torben Ã†gidius Mogensen",
    title = "Introduction to Compiler Design",
    year = "2017",
    isbn = "978-3-319-66965-6",
    doi = "10.1007/978-3-319-66966-3",
    publisher = "Springer",
    pagetotal = "258",
    edition = "2"
}

@book{chiswell-formal-languages,
    author = "Ian Chiswell",
    title = "A Course in Formal Languages, Automata and Groups",
    year = "2009",
    isbn = "978-1-84800-939-4",
    doi = "10.1007/978-1-84800-940-0",
    publisher = "Springer",
    pagetotal = "157",
    edition = "1"
}

@book{hopcroft-ullman-automata,
    author = "John E. Hopcroft and Jeffrey D. Ullman",
    title = "Introduction to Automata Theory, Languages, and Computation",
    year = "1979",
    isbn = "0-201-02988-X",
    publisher = "Addison--Wesley",
    pagetotal = "418",
    edition = "1"
}

@book{goldrei-set-theory,
	author = "Derek Goldrei",
	title = "Classic Set Theory",
	year = "1996",
	isbn = "0-412-60610-0",
	publisher = "Chapman \& Hall",
	pagetotal = "502",
	edition = "1"
}

@book{leary-kristiansen-logic,
    author = "Christopher C. Leary and Lars Kristiansen",
    title = "A Friendly Introduction to Mathematical Logic",
    year = "2015",
    isbn = "978-1-942341-07-9",
    publisher = "Milne Library",
    pagetotal = "365",
    edition = "2"
}